@article{kallison2010new,
  title={A new compact for higher education: Funding and autonomy for reform and accountability},
  author={Kallison, James M and Cohen, Philip},
  journal={Innovative Higher Education},
  volume={35},
  number={1},
  pages={37--49},
  year={2010},
  publisher={Springer}
},

@article{wolf2015heading,
  title={Heading for the precipice: Can further and higher education funding policies be sustained},
  author={Wolf, Alison},
  journal={London: Policy Institute, Kingâ€™s College London},
  year={2015}
},

@article{kahlenberg2015higher,
  title={How higher education funding shortchanges community colleges},
  author={Kahlenberg, Richard D},
  year={2015},
  publisher={The Century Foundation}
},

@article{mountford2015causes,
  title={Causes of differences in student outcomes, Higher Education Funding Council for England},
  author={Mountford-Zimdars, AK and Sanders, J and Jones, S and Sabri, D and Moore, J},
  year={2015},
  publisher={HEFCE}
},

@article{mckeown2010higher,
  title={Higher education funding formulas},
  author={McKeown-Moak, Mary P},
  journal={Roles and Responsibilities of the Chief Financial Officer: New Directions for Higher Education, Number 107},
  volume={99},
  pages={99},
  year={2010},
  publisher={John Wiley \& Sons}
},

@book{thompson2010government,
  title={The Government's Proposals for Higher Education Funding and Student Finance: An Analysis},
  author={Thompson, John and Bekhradnia, Bahram},
  year={2010},
  publisher={Higher Education Policy Institute Oxford}
},